@book{stallings2016computer,
  title={Computer Organization and Architecture},
  author={Stallings, William},
  year={2016},
  publisher={Pearson},
  edition={10th edition},
  note={Available online at \url{http://home.ustc.edu.cn/~louwenqi/reference_books_tools/Computer%20Organization%20and%20Architecture%2010th%20-%20William%20Stallings.pdf}}
}

@book{pc-hardware-beginners-guide,
  title={PC Hardware: A Beginner's Guide},
  author={Strickland, Ron},
  year={2010},
  url={https://abiiid.files.wordpress.com/2010/12/pc-hardware-a-beginners-guide.pdf},
  note={Available online at the provided link}
}


@online{degroot2022datasecurity,
  author = {de Groot, J.},
  title = {What is Data Security?},
  year = {2022},
  month = {November 7},
  url = {https://www.digitalguardian.com/blog/what-data-security?_gl=1*10r8tbk*_ga*ODAzNzYwNzM0LjE3MDU3NDc2ODE.*_ga_Q142HN6432*MTcwNTc0NzY4MC4xLjEu}
}

@online{fortinet2023datasecurity,
  author = {{Fortinet}},
  title = {Data Security: Definition, Importance, and Types},
  year = {2023},
  url = {https://www.fortinet.com/resources/cyberglossary/data-security#:~:text=Data%20security%20is%20the%20process},
  note = {Fortinet},
}

@online{ibm2021datasecurity,
  author = {{IBM}},
  title = {What is Data Security? Definition, solutions and how to secure data},
  year = {2021},
  url = {https://www.ibm.com/topics/data-security},
  note = {IBM},
}

@online{johnson2023datasecuritytech,
  author = {Johnson, J.},
  title = {12 Different Types of Data Security Technology and When to Use Each},
  year = {2023},
  month = {May 5},
  url = {https://history-computer.com/different-types-of-data-security-technology-and-when-to-use-each/},
  note = {History-Computer},
}

@book{lundin2023infosecurity,
  author = {Lundin, L.},
  title = {Information Security},
  year = {2023},
  publisher = {Salem Press Encyclopedia},
}

@online{marr2023dataprivacy,
  author = {Marr, B.},
  title = {Data Privacy - 5 Best Practices Everyone Should Be Following},
  year = {2023},
  month = {January 26},
  url = {https://www.forbes.com/sites/bernardmarr/2023/01/26/data-privacy5-best-practices-everyone-should-be-following/?sh=21a842a25eb9},
  note = {Forbes},
}
